@book{blackford1997scalapack,
  title={ScaLAPACK users' guide},
  author={Blackford, L Susan and Choi, Jaeyoung and Cleary, Andy and D'Azevedo, Eduardo and Demmel, James and Dhillon, Inderjit and Dongarra, Jack and Hammarling, Sven and Henry, Greg and Petitet, Antoine and others},
  year={1997},
  publisher={SIAM}
}

@inproceedings{augonnet2009starpu,
  title={StarPU: a unified platform for task scheduling on heterogeneous multicore architectures},
  author={Augonnet, C{\'e}dric and Thibault, Samuel and Namyst, Raymond and Wacrenier, Pierre-Andr{\'e}},
  booktitle={European Conference on Parallel Processing},
  pages={863--874},
  year={2009},
  organization={Springer}
}

@inproceedings{augonnet2012starpu,
  title={StarPU-MPI: Task programming over clusters of machines enhanced with accelerators},
  author={Augonnet, C{\'e}dric and Aumage, Olivier and Furmento, Nathalie and Namyst, Raymond and Thibault, Samuel},
  booktitle={European MPI Users' Group Meeting},
  pages={298--299},
  year={2012},
  organization={Springer}
}

@incollection{agullo:inria-00547847,
  TITLE = {{Faster, Cheaper, Better -- a Hybridization Methodology to Develop Linear Algebra Software for GPUs}},
  AUTHOR = {Agullo, Emmanuel and Augonnet, C{\'e}dric and Dongarra, Jack and Ltaief, Hatem and Namyst, Raymond and Thibault, Samuel and Tomov, Stanimire},
  URL = {https://inria.hal.science/inria-00547847},
  BOOKTITLE = {{GPU Computing Gems}},
  EDITOR = {Wen-mei W. Hwu},
  PUBLISHER = {{Morgan Kaufmann}},
  VOLUME = {2},
  YEAR = {2010},
  MONTH = Sep,
  PDF = {https://inria.hal.science/inria-00547847v1/file/gpucomputinggems_plagma.pdf},
  HAL_ID = {inria-00547847},
  HAL_VERSION = {v1},
}

@book{kennedy2001optimizing,
  title={Optimizing compilers for modern architectures: a dependence-based approach},
  author={Kennedy, Ken and Allen, John R},
  year={2001},
  publisher={Morgan Kaufmann Publishers Inc.}
}

@inproceedings{aumage2007new,
  title={New madeleine: A fast communication scheduling engine for high performance networks},
  author={Aumage, Olivier and Brunet, Elisabeth and Furmento, Nathalie and Namyst, Raymond},
  booktitle={2007 IEEE International Parallel and Distributed Processing Symposium},
  pages={1--8},
  year={2007},
  organization={IEEE}
}
@inproceedings{gabriel2004open,
  title={Open MPI: Goals, concept, and design of a next generation MPI implementation},
  author={Gabriel, Edgar and Fagg, Graham E and Bosilca, George and Angskun, Thara and Dongarra, Jack J and Squyres, Jeffrey M and Sahay, Vishal and Kambadur, Prabhanjan and Barrett, Brian and Lumsdaine, Andrew and others},
  booktitle={European Parallel Virtual Machine/Message Passing Interface Usersâ€™ Group Meeting},
  pages={97--104},
  year={2004},
  organization={Springer}
}

@inproceedings{nesi2020communication,
  title={Communication-aware load balancing of the LU factorization over heterogeneous clusters},
  author={Nesi, Lucas Leandro and Schnorr, Lucas Mello and Legrand, Arnaud},
  booktitle={2020 IEEE 26th International Conference on Parallel and Distributed Systems (ICPADS)},
  pages={54--63},
  year={2020},
  organization={IEEE}
}

@article{garcia2018visual,
  title={A visual performance analysis framework for task-based parallel applications running on hybrid clusters},
  author={Garcia Pinto, Vin{\'\i}cius and Mello Schnorr, Lucas and Stanisic, Luka and Legrand, Arnaud and Thibault, Samuel and Danjean, Vincent},
  journal={Concurrency and Computation: Practice and Experience},
  volume={30},
  number={18},
  pages={e4472},
  year={2018},
  publisher={Wiley Online Library}
}

@article{faverge2023programming,
  title={Programming heterogeneous architectures using hierarchical tasks},
  author={Faverge, Mathieu and Furmento, Nathalie and Guermouche, Abdou and Lucas, Gwenol{\'e} and Namyst, Raymond and Thibault, Samuel and Wacrenier, Pierre-andr{\'e}},
  journal={Concurrency and Computation: Practice and Experience},
  volume={35},
  number={25},
  pages={e7811},
  year={2023},
  publisher={Wiley Online Library}
}

@inproceedings{bosilca2011flexible,
  title={Flexible development of dense linear algebra algorithms on massively parallel architectures with DPLASMA},
  author={Bosilca, George and Bouteiller, Aurelien and Danalis, Anthony and Faverge, Mathieu and Haidar, Azzam and Herault, Thomas and Kurzak, Jakub and Langou, Julien and Lemarinier, Pierre and Ltaief, Hatem and others},
  booktitle={2011 IEEE International Symposium on Parallel and Distributed Processing Workshops and Phd Forum},
  pages={1432--1441},
  year={2011},
  organization={IEEE}
}

@book{anderson1999lapack,
  title={LAPACK users' guide},
  author={Anderson, Edward and Bai, Zhaojun and Bischof, Christian and Blackford, L Susan and Demmel, James and Dongarra, Jack and Du Croz, Jeremy and Greenbaum, Anne and Hammarling, Sven and McKenney, Alan and others},
  year={1999},
  publisher={SIAM}
}

@inproceedings{pinto2021providing,
  title={Providing in-depth performance analysis for heterogeneous task-based applications with starvz},
  author={Pinto, Vin{\'\i}cius Garcia and Nesi, Lucas Leandro and Miletto, Marcelo Cogo and Schnorr, Lucas Mello},
  booktitle={2021 IEEE International Parallel and Distributed Processing Symposium Workshops (IPDPSW)},
  pages={16--25},
  year={2021},
  organization={IEEE}
}

@article{CASANOVA2025103125,
  title = {{Lowering entry barriers to developing custom simulators of distributed applications and platforms with SimGrid}},
  journal = {Parallel Computing},
  volume = {123},
  pages = {103-125},
  year = {2025},
  issn = {0167-8191},
  doi = {https://doi.org/10.1016/j.parco.2025.103125},
  author = {Casanova, Henri and Giersch, Arnaud and Legrand, Arnaud and Quinson, Martin and Suter, Fr{\'e}d{\'e}ric},
  keywords = {Simulation of distributed computing systems, SimGrid},
  pdf = {https://hal.science/hal-04909441/file/paper.pdf}
}
